@article{scholkopf2001estimating,
  title={Estimating the support of a high-dimensional distribution},
  author={Sch{\"o}lkopf, Bernhard and Platt, John C and Shawe-Taylor, John and Smola, Alex J and Williamson, Robert C},
  journal={Neural computation},
  volume={13},
  number={7},
  pages={1443--1471},
  year={2001},
  publisher={MIT Press}
}
@article{tax2004support,
  title={Support vector data description},
  author={Tax, David MJ and Duin, Robert PW},
  journal={Machine learning},
  volume={54},
  number={1},
  pages={45--66},
  year={2004},
  publisher={Springer}
}
@article{erfani2016high,
  title={High-dimensional and large-scale anomaly detection using a linear one-class SVM with deep learning},
  author={Erfani, Sarah M and Rajasegarar, Sutharshan and Karunasekera, Shanika and Leckie, Christopher},
  journal={Pattern Recognition},
  volume={58},
  pages={121--134},
  year={2016},
  publisher={Elsevier}
}